<record><leader>00000cas a2200000 a 4500</leader><controlfield tag="001">37794938</controlfield><controlfield tag="008">971016d188818uuiluwr ne      0   a0eng c</controlfield><datafield ind1=" " ind2=" " tag="010"><subfield code="a">sn 97062044 </subfield></datafield><datafield ind1=" " ind2=" " tag="040"><subfield code="a">CVF</subfield><subfield code="b">eng</subfield><subfield code="c">CVF</subfield><subfield code="d">NVF</subfield><subfield code="d">OCLCQ</subfield><subfield code="d">NVF</subfield><subfield code="d">OCLCF</subfield><subfield code="d">OCLCO</subfield></datafield><datafield ind1="1" ind2=" " tag="029"><subfield code="a">AU@</subfield><subfield code="b">000013543735</subfield></datafield><datafield ind1=" " ind2=" " tag="042"><subfield code="a">pcc</subfield></datafield><datafield ind1=" " ind2=" " tag="043"><subfield code="a">n-us-il</subfield></datafield><datafield ind1="0" ind2=" " tag="130"><subfield code="a">Chicago times (Chicago, Ill. : Weekly : 1888)</subfield></datafield><datafield ind1="1" ind2="4" tag="245"><subfield code="a">The Chicago times.</subfield></datafield><datafield ind1="1" ind2="3" tag="246"><subfield code="a">Chicago weekly times</subfield></datafield><datafield ind1=" " ind2=" " tag="260"><subfield code="a">[Chicago, Ill.] :</subfield><subfield code="b">W.F. Storey</subfield></datafield><datafield ind1="3" ind2=" " tag="260"><subfield code="3">Apr. 25, 1888-</subfield><subfield code="a">Chicago, Ill. :</subfield><subfield code="b">James J. West</subfield></datafield><datafield ind1=" " ind2=" " tag="300"><subfield code="a">v.</subfield></datafield><datafield ind1=" " ind2=" " tag="310"><subfield code="a">Weekly</subfield></datafield><datafield ind1="1" ind2=" " tag="362"><subfield code="a">Began in 1888.</subfield></datafield><datafield ind1=" " ind2=" " tag="580"><subfield code="a">Daily ed.: Chicago times (Chicago, Ill. : 1888), 1888-&lt;1890&gt;.</subfield></datafield><datafield ind1=" " ind2=" " tag="588"><subfield code="a">Description based on: Vol. 34 (Apr. 18, 1888).</subfield></datafield><datafield ind1=" " ind2=" " tag="588"><subfield code="a">Latest issue consulted: Dec. 31, 1890.</subfield></datafield><datafield ind1=" " ind2="0" tag="651"><subfield code="a">Chicago (Ill.)</subfield><subfield code="v">Newspapers.</subfield></datafield><datafield ind1=" " ind2="7" tag="655"><subfield code="a">Newspapers.</subfield><subfield code="2">fast</subfield><subfield code="0">(OCoLC)fst01423814</subfield></datafield><datafield ind1=" " ind2="7" tag="651"><subfield code="a">Illinois</subfield><subfield code="z">Chicago.</subfield><subfield code="2">fast</subfield><subfield code="0">(OCoLC)fst01204048</subfield></datafield><datafield ind1=" " ind2=" " tag="752"><subfield code="a">United States</subfield><subfield code="b">Illinois</subfield><subfield code="c">Cook</subfield><subfield code="d">Chicago.</subfield></datafield><datafield ind1="1" ind2=" " tag="775"><subfield code="t">Chicago times (Chicago, Ill. : 1888)</subfield><subfield code="w">(DLC)sn 84037010</subfield><subfield code="w">(OCoLC)10588062</subfield></datafield><datafield ind1="0" ind2="0" tag="780"><subfield code="t">Times (Chicago, Ill. : Weekly)</subfield><subfield code="w">(DLC)sn 85038325</subfield><subfield code="w">(OCoLC)12352177</subfield></datafield></record>